<?xml version="1.0" encoding="UTF-8"?><record xmlns="http://www.loc.gov/MARC21/slim" xmlns:cinclude="http://apache.org/cocoon/include/1.0" xmlns:zs="http://www.loc.gov/zing/srw/">
  <leader>00684cz  a2200169n  4500</leader>
  <controlfield tag="001">no2003111043</controlfield>
  <controlfield tag="003">DLC</controlfield>
  <controlfield tag="005">20080816081321.0</controlfield>
  <controlfield tag="008">031104n| acannaabn          |b aaa     c</controlfield>
  <datafield tag="010" ind1=" " ind2=" ">
    <subfield code="a">no2003111043</subfield>
  </datafield>
  <datafield tag="035" ind1=" " ind2=" ">
    <subfield code="a">(OCoLC)oca06195365</subfield>
  </datafield>
  <datafield tag="040" ind1=" " ind2=" ">
    <subfield code="a">NjP</subfield>
    <subfield code="b">eng</subfield>
    <subfield code="c">NjP</subfield>
    <subfield code="d">OCoLC</subfield>
  </datafield>
  <datafield tag="100" ind1="1" ind2=" ">
    <subfield code="a">Muṣṭafá, Wadīʻ Wāṣif</subfield>
  </datafield>
  <datafield tag="400" ind1="1" ind2=" ">
    <subfield code="a">مصطفى، وديع واصف</subfield>
  </datafield>
  <datafield tag="667" ind1=" " ind2=" ">
    <subfield code="a">Machine-derived non-Latin script reference project.</subfield>
  </datafield>
  <datafield tag="667" ind1=" " ind2=" ">
    <subfield code="a">Non-Latin script reference not evaluated.</subfield>
  </datafield>
  <datafield tag="670" ind1=" " ind2=" ">
    <subfield code="a">Ibn Ḥazm wa-mawqifuhu min al-falsafah wa-al-manṭiq wa-al-akhlāq, 2000:</subfield>
    <subfield code="b">t.p. (Wadīʻ Wāṣif Muṣṭafá, mājistīr falsafah, Kullīyat al-Ādāb, Jāmiʻat al-Iskandarīyah)</subfield>
  </datafield>
</record>